@Article{art1,
  author =       "Author Name",
  title =        "Book Title",
  journal =      "Lecture Notes in Autonomous System",
  volume =       "1001",
  publisher =    "UFO",
  pages =        "900--921",
  year =         "2003",
  coden =        "LNCSD9",
  ISSN =         "0302-2345",
  bibdate =      "Sat Dec 7 10:05:42 MST 2003",
}

@article{chandola2009anomaly,
	title={Anomaly detection: A survey},
	author={Chandola, Varun and Banerjee, Arindam and Kumar, Vipin},
	journal={ACM computing surveys (CSUR)},
	volume={41},
	number={3},
	pages={1--58},
	year={2009},
	publisher={ACM New York, NY, USA}
}
@Article{Mierswa2005AutomaticFE,

title={Automatic Feature Extraction for Classifying Audio Data},

author={Ingo Mierswa and K. Morik},

journal={Machine Learning},

year={2005},

volume={58},

pages={127-149}

}

@article{herff2019extracting,

title={Extracting features from time series},

author={Herff, Christian and Krusienski, Dean J},

journal={Fundamentals of clinical data science},

pages={85--100},

year={2019},

publisher={Springer, Cham}

}

@inproceedings{de2019automating,

title={Automating feature construction for multi-view time series data},

author={De Brabandere, Arne and Robberechts, Pieter and Op De Be{\'e}ck, Tim and Davis, Jesse},

booktitle={ECMLPKDD Workshop on Automating Data Science},

pages={1--16},

year={2019},

organization={N/A}

}

@article{christ2018time,

title={Time series feature extraction on basis of scalable hypothesis tests (tsfresh--a python package)},

author={Christ, Maximilian and Braun, Nils and Neuffer, Julius and Kempa-Liehr, Andreas W},

journal={Neurocomputing},

volume={307},

pages={72--77},

year={2018},

publisher={Elsevier}

}

@article{nanopoulos2001feature,

title={Feature-based classification of time-series data},

author={Nanopoulos, Alex and Alcock, Rob and Manolopoulos, Yannis},

journal={International Journal of Computer Research},

volume={10},

number={3},

pages={49--61},

year={2001}

}

@article{fulcher2014highly,

title={Highly comparative feature-based time-series classification},

author={Fulcher, Ben D and Jones, Nick S},

journal={IEEE Transactions on Knowledge and Data Engineering},

volume={26},

number={12},

pages={3026--3037},

year={2014},

publisher={IEEE}

}

@article{li2019feature,

title={Feature extraction and classification of heart sound using 1D convolutional neural networks},

author={Li, Fen and Liu, Ming and Zhao, Yuejin and Kong, Lingqin and Dong, Liquan and Liu, Xiaohua and Hui, Mei},

journal={EURASIP Journal on Advances in Signal Processing},

volume={2019},

number={1},

pages={1--11},

year={2019},

publisher={Springer}

}

@article{behar2014comparison,

title={A comparison of single channel fetal ECG extraction methods},

author={Behar, Joachim and Johnson, Alistair and Clifford, Gari D and Oster, Julien},

journal={Annals of biomedical engineering},

volume={42},

number={6},

pages={1340--1353},

year={2014},

publisher={Springer}

}

@article{guo2005feature,

title={Feature generation using genetic programming with application to fault classification},

author={Guo, Hong and Jack, Lindsay B and Nandi, Asoke K},

journal={IEEE Transactions on Systems, Man, and Cybernetics, Part B (Cybernetics)},

volume={35},

number={1},

pages={89--99},

year={2005},

publisher={IEEE}

}

@inproceedings{murugappan2013human,

title={Human emotion recognition through short time Electroencephalogram (EEG) signals using Fast Fourier Transform (FFT)},

author={Murugappan, M and Murugappan, Subbulakshmi},

booktitle={2013 IEEE 9th International Colloquium on Signal Processing and its Applications},

pages={289--294},

year={2013},

organization={IEEE}

}

@article{saravanan2010incipient,

title={Incipient gear box fault diagnosis using discrete wavelet transform (DWT) for feature extraction and classification using artificial neural network (ANN)},

author={Saravanan, N and Ramachandran, KI},

journal={Expert systems with applications},

volume={37},

number={6},

pages={4168--4181},

year={2010},

publisher={Elsevier}

}

@inproceedings{supratak2014feature,

title={Feature extraction with stacked autoencoders for epileptic seizure detection},

author={Supratak, Akara and Li, Ling and Guo, Yike},

booktitle={2014 36th Annual international conference of the IEEE engineering in medicine and biology society},

pages={4184--4187},

year={2014},

organization={IEEE}

}

@article{reyes2012human,

title={Human activity recognition using smartphones data set},

author={Reyes-Ortiz, Jorge-Luis and Anguita, Davide and Ghio, Alessandro and Parra, X},

journal={UCI Machine Learning Repository; University of California, Irvine, School of Information and Computer Sciences: Irvine, CA, USA},

year={2012}

}

@article{stiefmeier2008wearable,

title={Wearable activity tracking in car manufacturing},

author={Stiefmeier, Thomas and Roggen, Daniel and Ogris, Georg and Lukowicz, Paul and Tr{\"o}ster, Gerhard},

journal={IEEE Pervasive Computing},

volume={7},

number={2},

pages={42--50},

year={2008},

publisher={IEEE}

}

@article{hunter2005australian,

title={The australian eeg database},

author={Hunter, MRLL and Smith, Robert LL and Hyslop, Wendy and Rosso, Osvaldo A and Gerlach, R and Rostas, JAP and Williams, DB and Henskens, Frans},

journal={Clinical EEG and neuroscience},

volume={36},

number={2},

pages={76--81},

year={2005},

publisher={SAGE Publications Sage CA: Los Angeles, CA}

}

@article{bikmukhametov2020combining,

title={Combining machine learning and process engineering physics towards enhanced accuracy and explainability of data-driven models},

author={Bikmukhametov, Timur and J{\"a}schke, Johannes},

journal={Computers \& Chemical Engineering},

volume={138},

pages={106834},

year={2020},

publisher={Elsevier}

}
@inproceedings{le2016data,
	title={Data augmentation for time series classification using convolutional neural networks},
	author={Le Guennec, Arthur and Malinowski, Simon and Tavenard, Romain},
	booktitle={ECML/PKDD workshop on advanced analytics and learning on temporal data},
	year={2016}
}

@misc{imgfft,
	title = {Deconstructing Time Series using Fourier Transform},
	howpublished = {\url{https://medium.com/@khairulomar/deconstructing-time-series-using-fourier-transform-e52dd535a44e}},
	note = {Accessed: 2022-02-02}
}

@misc{spectrogram,
	title = {Plotting A Spectrogram Using Python And Matplotlib},
	howpublished = {\url{https://pythontic.com/visualization/signals/spectrogram}},
	note = {Accessed: 2022-02-02}
}

@misc{CakaNebi,
	title = {What are the Spectral and Temporal Features in Speech signal?},
	howpublished = {\url{https://www.researchgate.net/post/What-are-the-Spectral-and-Temporal-Features-in-Speech-signal/54fb90d1d11b8b897b8b4567/citation/download. }},
	note = {Accessed: 2022-02-02}
}

@misc{auto,
	title = {Applied Deep Learning - Part 3: Autoencoders},
	howpublished = {\url{https://towardsdatascience.com/applied-deep-learning-part-3-autoencoders-1c083af4d798 }},
	note = {Accessed: 2022-02-02}
}

@article{ismail2019deep,
	title={Deep learning for time series classification: a review},
	author={Ismail Fawaz, Hassan and Forestier, Germain and Weber, Jonathan and Idoumghar, Lhassane and Muller, Pierre-Alain},
	journal={Data mining and knowledge discovery},
	volume={33},
	number={4},
	pages={917--963},
	year={2019},
	publisher={Springer}
}
@article{nanopoulos2001feature,
	title={Feature-based classification of time-series data},
	author={Nanopoulos, Alex and Alcock, Rob and Manolopoulos, Yannis},
	journal={International Journal of Computer Research},
	volume={10},
	number={3},
	pages={49--61},
	year={2001}
}
@inproceedings{geurts2001pattern,
	title={Pattern extraction for time series classification},
	author={Geurts, Pierre},
	booktitle={European conference on principles of data mining and knowledge discovery},
	pages={115--127},
	year={2001},
	organization={Springer}
}
@book{shumway2000time,
	title={Time series analysis and its applications},
	author={Shumway, Robert H and Stoffer, David S and Stoffer, David S},
	volume={3},
	year={2000},
	publisher={Springer}
}
@article{joo2015time,
	title={Time series forecasting based on wavelet filtering},
	author={Joo, Tae Woo and Kim, Seoung Bum},
	journal={Expert Systems with Applications},
	volume={42},
	number={8},
	pages={3868--3874},
	year={2015},
	publisher={Elsevier}
}

@article{nanopoulos2001feature,
	title={Feature-based classification of time-series data},
	author={Nanopoulos, Alex and Alcock, Rob and Manolopoulos, Yannis},
	journal={International Journal of Computer Research},
	volume={10},
	number={3},
	pages={49--61},
	year={2001}
}
@article{gowid2015novel,
	title={A novel robust automated FFT-based segmentation and features selection algorithm for acoustic emission condition based monitoring systems},
	author={Gowid, Samer and Dixon, Roger and Ghani, Saud},
	journal={Applied Acoustics},
	volume={88},
	pages={66--74},
	year={2015},
	publisher={Elsevier}
}
@inproceedings{lambrou1998classification,
	title={Classification of audio signals using statistical features on time and wavelet transform domains},
	author={Lambrou, Tryphon and Kudumakis, Panos and Speller, R and Sandler, M and Linney, A},
	booktitle={Proceedings of the 1998 IEEE International Conference on Acoustics, Speech and Signal Processing, ICASSP'98 (Cat. No. 98CH36181)},
	volume={6},
	pages={3621--3624},
	year={1998},
	organization={IEEE}
}
@article{bengio2007scaling,
	title={Scaling learning algorithms towards AI},
	author={Bengio, Yoshua and LeCun, Yann and others},
	journal={Large-scale kernel machines},
	volume={34},
	number={5},
	pages={1--41},
	year={2007}
}
@inproceedings{yang2015deep,
	title={Deep convolutional neural networks on multichannel time series for human activity recognition},
	author={Yang, Jianbo and Nguyen, Minh Nhut and San, Phyo Phyo and Li, Xiao Li and Krishnaswamy, Shonali},
	booktitle={Twenty-fourth international joint conference on artificial intelligence},
	year={2015}
}
@incollection{mehtab2022analysis,
	title={Analysis and forecasting of financial time series using CNN and LSTM-based deep learning models},
	author={Mehtab, Sidra and Sen, Jaydip},
	booktitle={Advances in Distributed Computing and Machine Learning},
	pages={405--423},
	year={2022},
	publisher={Springer}
}
@article{sagheer2019unsupervised,
	title={Unsupervised pre-training of a deep LSTM-based stacked autoencoder for multivariate time series forecasting problems},
	author={Sagheer, Alaa and Kotb, Mostafa},
	journal={Scientific reports},
	volume={9},
	number={1},
	pages={1--16},
	year={2019},
	publisher={Nature Publishing Group}
}
@misc{hochreiter2001gradient,
	title={Gradient flow in recurrent nets: the difficulty of learning long-term dependencies},
	author={Hochreiter, Sepp and Bengio, Yoshua and Frasconi, Paolo and Schmidhuber, J{\"u}rgen and others},
	year={2001},
	publisher={A field guide to dynamical recurrent neural networks. IEEE Press In}
}
@article{langkvist2014review,
	title={A review of unsupervised feature learning and deep learning for time-series modeling},
	author={L{\"a}ngkvist, Martin and Karlsson, Lars and Loutfi, Amy},
	journal={Pattern Recognition Letters},
	volume={42},
	pages={11--24},
	year={2014},
	publisher={Elsevier}
}
@article{ren2017novel,
	title={A novel dbn model for time series forecasting},
	author={Ren, Yongpan and Mao, Jingli and Liu, Yong and Li, Yingzhe},
	journal={IAENG International Journal of Computer Science},
	volume={44},
	number={1},
	pages={79--86},
	year={2017}
}
@article{vrigkas2015review,
	title={A review of human activity recognition methods},
	author={Vrigkas, Michalis and Nikou, Christophoros and Kakadiaris, Ioannis A},
	journal={Frontiers in Robotics and AI},
	volume={2},
	pages={28},
	year={2015},
	publisher={Frontiers}
}
@article{nweke2018deep,
	title={Deep learning algorithms for human activity recognition using mobile and wearable sensor networks: State of the art and research challenges},
	author={Nweke, Henry Friday and Teh, Ying Wah and Al-Garadi, Mohammed Ali and Alo, Uzoma Rita},
	journal={Expert Systems with Applications},
	volume={105},
	pages={233--261},
	year={2018},
	publisher={Elsevier}
}
@article{gerazov2018variational,
	title={A variational prosody model for mapping the context-sensitive variation of functional prosodic prototypes},
	author={Gerazov, Branislav and Bailly, G{\'e}rard and Mohammed, Omar and Xu, Yi and Garner, Philip N},
	journal={arXiv preprint arXiv:1806.08685},
	year={2018}
}
@inproceedings{ravi2019current,
	title={Current applications and future promises of machine learning in diffusion MRI},
	author={Ravi, Daniele and Ghavami, Nooshin and Alexander, Daniel C and Ianus, Andrada},
	booktitle={International Conference on Medical Image Computing and Computer-Assisted Intervention},
	pages={105--121},
	year={2019},
	organization={Springer}
}
@inproceedings{wang2015imaging,
	title={Imaging time-series to improve classification and imputation},
	author={Wang, Zhiguang and Oates, Tim},
	booktitle={Twenty-Fourth International Joint Conference on Artificial Intelligence},
	year={2015}
}
@article{thanaraj2020implementation,
	title={Implementation of deep neural networks to classify EEG signals using gramian angular summation field for epilepsy diagnosis},
	author={Thanaraj, K Palani and Parvathavarthini, B and Tanik, U John and Rajinikanth, V and Kadry, Seifedine and Kamalanand, Krishnamurthy},
	journal={arXiv preprint arXiv:2003.04534},
	year={2020}
}

@misc{imgcnn,
	title = {What is the Convolutional Neural Network Architecture?},
	howpublished = {\url{https://www.analyticsvidhya.com/blog/2020/10/what-is-the-convolutional-neural-network-architecture/}},
	note = {Accessed: 2022-02-02}
}
@article{10.1162/neco.1997.9.8.1735,

author = {Hochreiter, Sepp and Schmidhuber, Jürgen},

title = "{Long Short-Term Memory}",

journal = {Neural Computation},

volume = {9},

number = {8},

pages = {1735-1780},

year = {1997},

month = {11},

issn = {0899-7667},

doi = {10.1162/neco.1997.9.8.1735},

url = {https://doi.org/10.1162/neco.1997.9.8.1735},

eprint = {https://direct.mit.edu/neco/article-pdf/9/8/1735/813796/neco.1997.9.8.1735.pdf},

}
@article{kuznetsov2020electrocardiogram,
	title={Electrocardiogram generation and feature extraction using a variational autoencoder},
	author={Kuznetsov, VV and Moskalenko, VA and Zolotykh, N Yu},
	journal={arXiv preprint arXiv:2002.00254},
	year={2020}
}
 
@article{simonyan2014very,
	title={Very deep convolutional networks for large-scale image recognition},
	author={Simonyan, Karen and Zisserman, Andrew},
	journal={arXiv preprint arXiv:1409.1556},
	year={2014}
}
@inproceedings{he2016deep,
	title={Deep residual learning for image recognition},
	author={He, Kaiming and Zhang, Xiangyu and Ren, Shaoqing and Sun, Jian},
	booktitle={Proceedings of the IEEE conference on computer vision and pattern recognition},
	pages={770--778},
	year={2016}
}
@inproceedings{inproceedings,
	author = {Choi, Hyungeun and Ryu, Seunghyoung and Kim, Hongseok},
	year = {2018},
	month = {10},
	pages = {1-6},
	title = {Short-Term Load Forecasting based on ResNet and LSTM},
	doi = {10.1109/SmartGridComm.2018.8587554}
}
@article{oh2018residual,
	title={Residual error based anomaly detection using auto-encoder in SMD machine sound},
	author={Oh, Dong Yul and Yun, Il Dong},
	journal={Sensors},
	volume={18},
	number={5},
	pages={1308},
	year={2018},
	publisher={Multidisciplinary Digital Publishing Institute}
}